@misc{OOPOverview,
    title = {Programming languages used by software developers worldwide as of 2019, by deployment type},
    howpublished = "\url{https://www.statista.com/statistics/869092/worldwide-software-developer-survey-languages-used/}",
    author = "JetBrains",
    year = {2019},
    note  = "Zuletzt besucht: 08.04.2020"
}
@misc{rarepepe,
    title = {Pepe The Frog Goes Classic},
    howpublished = "\url{https://piximus.net/others/pepe-the-frog-goes-classic/}",
    author = "Pixmus",
    year = {2019},
    note  = "Zuletzt besucht: 29.06.2020"
}
%typen sind hier: https://en.wikibooks.org/wiki/LaTeX/Bibliography_Management#BibTeX